<?xml version="1.0" encoding="UTF-8"?><record xmlns="http://www.loc.gov/MARC21/slim" xmlns:cinclude="http://apache.org/cocoon/include/1.0" xmlns:zs="http://www.loc.gov/zing/srw/">
  <leader>00431cz  a2200145n  4500</leader>
  <controlfield tag="001">nb2003019060</controlfield>
  <controlfield tag="003">DLC</controlfield>
  <controlfield tag="005">20060405153638.0</controlfield>
  <controlfield tag="008">030207n| acannaabn          |n aaa      </controlfield>
  <datafield tag="010" ind1=" " ind2=" ">
    <subfield code="a">nb2003019060</subfield>
  </datafield>
  <datafield tag="040" ind1=" " ind2=" ">
    <subfield code="a">Uk</subfield>
    <subfield code="b">eng</subfield>
    <subfield code="c">Uk</subfield>
    <subfield code="d">DLC</subfield>
  </datafield>
  <datafield tag="053" ind1=" " ind2="0">
    <subfield code="a">PR6061.I329</subfield>
  </datafield>
  <datafield tag="100" ind1="1" ind2=" ">
    <subfield code="a">Kidney, Charlie,</subfield>
    <subfield code="d">1935-</subfield>
  </datafield>
  <datafield tag="670" ind1=" " ind2=" ">
    <subfield code="a">Articulating the intangible, 1999:</subfield>
    <subfield code="b">t.p. (Charlie Kidney)</subfield>
  </datafield>
  <datafield tag="670" ind1=" " ind2=" ">
    <subfield code="a">Trinity Coll., Dublin, 22 Apr. 2003</subfield>
    <subfield code="b">(Kidney, Charlie, 1935-)</subfield>
  </datafield>
</record>